
@misc{_cowboyds_????,
	title = {cowboyd's therubyracer at master - {GitHub}},
	url = {\url{http://github.com/cowboyd/therubyracer}},
  note = {Zuletzt aufgerufen am 10. Jänner 2011},
	howpublished = {\url{http://github.com/cowboyd/therubyracer}}
},

@misc{_testing_????,
	title = {Testing Javascript with Cucumber in Javascript {\textbar} Joseph Wilk},
	url = {\url{http://blog.josephwilk.net/ruby/testing-javascript-with-cucumber-in-javascript.html}},
	howpublished = {\url{http://blog.josephwilk.net/ruby/testing-javascript-with-cucumber-in-javascript.html}}
},

@misc{_john_????,
	title = {John Resig - {JavaScript} Testing Does Not Scale},
	url = {\url{http://ejohn.org/blog/javascript-testing-does-not-scale/}},
	howpublished = {\url{http://ejohn.org/blog/javascript-testing-does-not-scale/}}
},

@misc{_johannes_????,
	title = {Johannes Link: {MockMe} for {JavaScript}},
	url = {\url{http://johanneslink.net/projects/mockme.html}},
	keywords = {mocking},
	howpublished = {\url{http://johanneslink.net/projects/mockme.html}}
},

@misc{_jasmine_????,
	title = {Jasmine by Pivotal Labs},
	url = {\url{http://jasmine.pivotallabs.com/}},
	keywords = {bdd},
	howpublished = {\url{http://jasmine.pivotallabs.com/}}
},

@misc{_home_????,
	title = {Home - testswarm - {GitHub}},
	url = {\url{http://github.com/jeresig/testswarm/wiki}},
	howpublished = {\url{http://github.com/jeresig/testswarm/wiki}}
},

@misc{_wesmaldonados_????,
	title = {wesmaldonado's test-driven-javascript-example-application at master - {GitHub}},
	url = {\url{http://github.com/wesmaldonado/test-driven-javascript-example-application#readme}},
	howpublished = {\url{http://github.com/wesmaldonado/test-driven-javascript-example-application\#readme}}
},

@misc{_felipesilvas_????,
	title = {felipesilva's Chameleon at master - {GitHub}},
	url = {\url{http://github.com/felipesilva/Chameleon}},
	keywords = {mocking},
	howpublished = {\url{{http://github.com/felipesilva/Chameleon}}}
},

@misc{_cavalles_????,
	title = {cavalle's steak at master - {GitHub}},
	url = {\url{http://github.com/cavalle/steak}},
	howpublished = {\url{http://github.com/cavalle/steak}}
},

@misc{yahoo_inc._yui_2011,
	title = {{YUI} {Test}},
	url = {\url{http://developer.yahoo.com/yui/yuitest/}},
	author = {Yahoo Inc.},
	year = {2011},
	howpublished = {\url{http://developer.yahoo.com/yui/yuitest/}}
},

@misc{_jnicklass_????,
	title = {jnicklas's capybara at master - {GitHub}},
	url = {\url{http://github.com/jnicklas/capybara}},
	keywords = {functional},
	howpublished = {\url{http://github.com/jnicklas/capybara}}
},

@misc{_brynarys_????,
	title = {brynary's webrat at master - {GitHub}},
	url = {\url{http://github.com/brynary/webrat}},
	keywords = {functional},
	howpublished = {\url{http://github.com/brynary/webrat}}
},

@misc{zaefferer_qunit_2011,
	title = {{QUnit}},
	url = {\url{http://docs.jquery.com/Qunit}},
	author = {Jörg Zaefferer. John Resig},
	year = {2011},
  note = {Zuletzt aufgerufen am 10. Jänner 2011},
	howpublished = {\url{{http://docs.jquery.com/Qunit}}}
},

@misc{_andykents_????,
	title = {andykent's smoke at master - {GitHub}},
	url = {\url{http://github.com/andykent/smoke}},
  note = {Zuletzt aufgerufen am 10. Jänner 2011},
	howpublished = {\url{http://github.com/andykent/smoke}}
},

@misc{_jspec_????,
	title = {{JSpec} - {JavaScript} Testing Framework},
	url = {\url{http://visionmedia.github.com/jspec/}},
  note = {Zuletzt aufgerufen am 10. Jänner 2011},
	keywords = {bdd},
	howpublished = {\url{http://visionmedia.github.com/jspec/}}
},

@misc{_culerity_????,
	title = {Culerity = Full Stack Rails Testing with Cucumber and Celerity {\textbar} upstream agile - software},
	url = {\url{http://upstre.am/blog/2009/01/culerity-full-stack-rails-testing-with-cucumber-and-celerity/}},
  note = {Zuletzt aufgerufen am 10. Jänner 2011},
	keywords = {functional},
	howpublished = {\url{http://upstre.am/blog/2009/01/culerity-full-stack-rails-testing-with-cucumber-and-celerity/}}
},

@misc{_jack_????,
	title = {Jack - Confluence},
	url = {\url{http://boss.bekk.no/display/BOSS/Jack}},
  note = {Zuletzt aufgerufen am 10. Jänner 2011},
	keywords = {mocking},
	howpublished = {\url{{http://boss.bekk.no/display/BOSS/Jack}}}
},

@misc{_ignus_????,
	title = {ignu's joq at master - {GitHub}},
	url = {\url{http://github.com/ignu/joq}},
  note = {Zuletzt aufgerufen am 10. Jänner 2011},
	keywords = {mocking},
	howpublished = {\url{http://github.com/ignu/joq}}
},

@misc{jsunit_jsunit_2011,
	title = {{JsUnit}},
	url = {\url{http://www.jsunit.net/}},
  note = {Zuletzt aufgerufen am 10. Jänner 2011},
	author = {{JsUnit}},
	year = {2011},
	howpublished = {\url{http://www.jsunit.net/}}
},

@misc{_jsunittest_????,
	title = {{JsUnitTest} – {JavaScript} Unit Testing framework},
	url = {\url{http://jsunittest.com/}},
  note = {Zuletzt aufgerufen am 10. Jänner 2011},
	howpublished = {\url{http://jsunittest.com/}}
},

@misc{selenium_selenium_2011,
	title = {{Selenium Web Application Testing System}},
	url = {\url{http://seleniumhq.org/}},
  note = {Zuletzt aufgerufen am 10. Jänner 2011},
	author = {Selenium},
	year = {2011},
	howpublished = {\url{http://seleniumhq.org/}}
},

@misc{_rsims_????,
	title = {rsim's blue-ridge at master - {GitHub}},
	url = {\url{http://github.com/rsim/blue-ridge}},
  note = {Zuletzt aufgerufen am 10. Jänner 2011},
	keywords = {bdd, functional, mocking},
	howpublished = {\url{http://github.com/rsim/blue-ridge}}
},

@misc{_scriptaclous_????,
	title = {Scriptaclous Unit Testing: Part 1},
	url = {\url{http://michaelharrison.ws/interests/unittestjs/1_tackling_code.html}},
  note = {Zuletzt aufgerufen am 10. Jänner 2011},
	howpublished = {\url{http://michaelharrison.ws/interests/unittestjs/1\_tackling\_code.html}}
},

@misc{_rlaytes_????,
	title = {rlayte's xray-specs at master - {GitHub}},
	url = {\url{http://github.com/rlayte/xray-specs}},
  note = {Zuletzt aufgerufen am 10. Jänner 2011},
	keywords = {mocking},
	howpublished = {\url{http://github.com/rlayte/xray-specs}}
},

@misc{_celerity_????,
	title = {Celerity {\textbar} Easy and fast functional test automation for web applications},
	url = {\url{http://celerity.rubyforge.org/}},
  note = {Zuletzt aufgerufen am 10. Jänner 2011},
	keywords = {functional},
	howpublished = {\url{http://celerity.rubyforge.org/}}
},

@misc{_cross_????,
	title = {Cross browser testing with Selenium - Sauce Labs},
	url = {\url{http://saucelabs.com/}},
  note = {Zuletzt aufgerufen am 10. Jänner 2011},
	keywords = {functional},
	howpublished = {\url{http://saucelabs.com/}}
},

@misc{_jasmine_????-1,
	title = {Jasmine for {JavaScript} Testing: It's {Screw.Unit++}},
	url = {\url{http://thinkrelevance.com/blog/2010/03/02/jasmine-for-javascript-testing-it-s-screw-unit.html}},
  note = {Zuletzt aufgerufen am 10. Jänner 2011},
	howpublished = {\url{http://thinkrelevance.com/blog/2010/03/02/jasmine-for-javascript-testing-it-s-screw-unit.html}}
},

@misc{_using_????,
	title = {Using Selenium with Webrat and Cucumber {\textbar} {BDDCasts} - {BDD} Screencasts with Cucumber, {RSpec} and Ruby on Rails},
	url = {\url{http://bddcasts.com/series/tools/episodes/using-selenium-with-webrat-and-cucumber}},
  note = {Zuletzt aufgerufen am 10. Jänner 2011},
	howpublished = {\url{http://bddcasts.com/series/tools/episodes/using-selenium-with-webrat-and-cucumber}}
},

@misc{_bdd_????,
	title = {{BDD} with Rspec and Steak — Timeless},
	url = {\url{http://timeless.judofyr.net/bdd-with-rspec-and-steak}},
  note = {Zuletzt aufgerufen am 10. Jänner 2011},
	howpublished = {\url{http://timeless.judofyr.net/bdd-with-rspec-and-steak}}
},

@misc{_javascript_????,
	title = {{JavaScript} {BDD,} with Jasmine, without a browser {\textbar} Agile Zone},
	url = {\url{http://agile.dzone.com/news/javascript-bdd-jasmine-without}},
  note = {Zuletzt aufgerufen am 10. Jänner 2011},
	howpublished = {\url{http://agile.dzone.com/news/javascript-bdd-jasmine-without}}
},

@misc{_dailyjs:_????,
	title = {{DailyJS:} Let's Make a Framework: More Tests},
	url = {\url{http://dailyjs.com/2010/12/23/framework-part-43/?utm_source=feedburner&utm_medium=feed&utm_campaign=Feed%3A+dailyjs+%28DailyJS%29}},
  note = {Zuletzt aufgerufen am 10. Jänner 2011},
	howpublished = {\url{{http://dailyjs.com/2010/12/23/framework-part-43/?utm\_source=feedburner\&utm\_medium=feed\&utm\_campaign=Feed\%3A+dailyjs+\%28DailyJS\%29}}}
},

@misc{young_dailyjs_2010,
	title = {{DailyJS} - {JavaScript Developer Survey Results 2010}},
	url = {\url{http://dailyjs.com/2010/12/13/javascript-survey-results/}},
  note = {Zuletzt aufgerufen am 10. Jänner 2011},
	author = {Alex Young},
	year = {2010},
	howpublished = {\url{http://dailyjs.com/2010/12/13/javascript-survey-results/}}
},

@misc{young_dailyjs_2009,
	title = {{DailyJS} - {JavaScript Developer Survey Results 2009}},
	url = {\url{http://dailyjs.com/2009/12/02/survey-results/}},
  note = {Zuletzt aufgerufen am 10. Jänner 2011},
	author = {Alex Young},
	year = {2009},
	howpublished = {\url{http://dailyjs.com/2009/12/02/survey-results/}}
},

@misc{_dailyjs:_????-1,
	title = {{DailyJS:} {JavaScript} Unit Testing},
	url = {\url{http://dailyjs.com/2009/12/30/unit-testing/}},
  note = {Zuletzt aufgerufen am 10. Jänner 2011},
	howpublished = {\url{http://dailyjs.com/2009/12/30/unit-testing/}}
},

@misc{_tj_????,
	title = {{TJ} Holowaychuk {(Introducing} Tobi)},
	url = {\url{http://tjholowaychuk.com/post/2482255515/introducing-tobi}},
  note = {Zuletzt aufgerufen am 10. Jänner 2011},
	howpublished = {\url{http://tjholowaychuk.com/post/2482255515/introducing-tobi}}
},

@misc{_insanely_????,
	title = {Insanely fast, headless full-stack testing using Node.js},
	url = {\url{http://zombie.labnotes.org/}},
  note = {Zuletzt aufgerufen am 10. Jänner 2011},
	howpublished = {\url{http://zombie.labnotes.org/}}
},

@misc{_vows_????,
	title = {Vows « Asynchronous {BDD} for Node},
	url = {\url{http://vowsjs.org/}},
  note = {Zuletzt aufgerufen am 10. Jänner 2011},
	howpublished = {\url{http://vowsjs.org/}}
},

@misc{johansen_sinon.js_2011,
	title = {{Sinon.JS} - {Versatile Standalone Test Spies, Stubs and Mocks for} {JavaScript}},
	url = {\url{http://sinonjs.org/}},
  note = {Zuletzt aufgerufen am 10. Jänner 2011},
	author = {Christian Johansen},
	year = {2011},
	howpublished = {\url{http://sinonjs.org/}}
},

@misc{huang_how_2010,
	title = {How to Test your {JavaScript} {Code} with {QUnit}},
	url = {\url{http://net.tutsplus.com/tutorials/javascript-ajax/how-to-test-your-javascript-code-with-qunit/}},
  note = {Zuletzt aufgerufen am 10. Jänner 2011},
	author = {Gaving Huang},
	year = {2010},
	howpublished = {\url{http://net.tutsplus.com/tutorials/javascript-ajax/how-to-test-your-javascript-code-with-qunit/}}
},

@misc{_visionmedia/expresso_2011,
	title = {visionmedia/expresso - {GitHub}},
	url = {\url{https://github.com/visionmedia/expresso}},
  note = {Zuletzt aufgerufen am 10. Jänner 2011},
	year = {2011},
	keywords = {node},
	howpublished = {\url{https://github.com/visionmedia/expresso}}
},

@misc{_js-test-driver_????,
	title = {js-test-driver - Project Hosting on Google Code},
	url = {\url{http://code.google.com/p/js-test-driver/}},
  note = {Zuletzt aufgerufen am 10. Jänner 2011},
	keywords = {regression},
	howpublished = {\url{http://code.google.com/p/js-test-driver/}}
},

@misc{_alex_????,
	title = {Alex Young: Riotjs: A {JavaScript} Unit Testing Framework},
	url = {\url{http://alexyoung.org/2009/11/04/riotjs/}},
  note = {Zuletzt aufgerufen am 10. Jänner 2011},
	howpublished = {\url{http://alexyoung.org/2009/11/04/riotjs/}}
},

@article{beck_simple_1994,
	title = {Simple Smalltalk Testing: With Patterns},
	volume = {4},
	shorttitle = {Simple Smalltalk Testing},
	number = {2},
	journal = {Smalltalk Report},
	author = {Kent Beck},
	year = {1994},
	pages = {16–18}
},

@misc{gamma_junit_2011,
	title = {{JUnit}},
	url = {\url{http://junit.org/}},
  note = {Zuletzt aufgerufen am 10. Jänner 2011},
	author = {Erich Gamma. Kent Beck},
	year = {2011},
	howpublished = {\url{http://junit.org/}}
},

@misc{_jamie_????,
	title = {Jamie On Software - Journal - High-level testing {PHP} applications with Cucumber},
	url = {\url{http://jamieonsoftware.com/journal/2011/1/2/high-level-testing-php-applications-with-cucumber.html}},
  note = {Zuletzt aufgerufen am 10. Jänner 2011},
	keywords = {functional},
	howpublished = {\url{http://jamieonsoftware.com/journal/2011/1/2/high-level-testing-php-applications-with-cucumber.html}}
},

@misc{resig_jquery_2011,
	title = {{jQuery}},
	url = {\url{http://jquery.com/}},
  note = {Zuletzt aufgerufen am 10. Jänner 2011},
	author = {John Resig},
	year = {2011},
	howpublished = {\url{http://jquery.com/}}
},

@misc{fowler_xunit_2010,
	title = {{xUnit}},
	url = {\url{http://www.martinfowler.com/bliki/Xunit.html}},
  note = {Zuletzt aufgerufen am 10. Jänner 2011},
	author = {Martin Fowler},
	year = {2010},
	howpublished = {\url{{http://www.martinfowler.com/bliki/Xunit.html}}}
},

@misc{wikipedia_assertion_2011,
	title = {Assertion (computing)},
	url = {\url{http://en.wikipedia.org/wiki/Assertion_(computing)}},
  note = {Zuletzt aufgerufen am 10. Jänner 2011},
	author = {Wikipedia},
	year = {2011},
	howpublished = {\url{{http://en.wikipedia.org/wiki/Assertion\_(computing)}}}
},

@misc{_using_????-1,
	title = {Using {Sinon.JS} with {QUnit} / {JavaScript} - cjohansen.no},
	url = {\url{http://cjohansen.no/en/javascript/using_sinon_js_with_qunit}},
  note = {Zuletzt aufgerufen am 10. Jänner 2011},
	keywords = {mocking},
	howpublished = {\url{http://cjohansen.no/en/javascript/using\_sinon\_js\_with\_qunit}}
},

@misc{wikipedia_regression_2011,
	title = {{Regression testing}},
	url = {\url{http://en.wikipedia.org/wiki/Regression_testing}},
  note = {Zuletzt aufgerufen am 10. Jänner 2011},
	author = {Wikipedia},
	year = {2011},
	howpublished = {\url{{http://en.wikipedia.org/wiki/Regression\_testing}}}
},

@misc{resig_testswarm_2011,
	title = {{TestSwarm}},
	url = {\url{https://github.com/jeresig/testswarm/wiki}},
  note = {Zuletzt aufgerufen am 10. Jänner 2011},
	author = {John Resig},
	year = {2011},
	howpublished = {\url{https://github.com/jeresig/testswarm/wiki}}
},

@misc{wikipedia_continuous_2011,
	title = {{Continuous Integration}},
	url = {\url{http://en.wikipedia.org/wiki/Continuous_integration}},
  note = {Zuletzt aufgerufen am 10. Jänner 2011},
	author = {Wikipedia},
	year = {2011},
	howpublished = {\url{{http://en.wikipedia.org/wiki/Continuous\_integration}}}
},

@misc{jasmine_jasmine_2011,
	title = {Jasmine - {BDD} for {Javascript}},
	url = {\url{http://pivotal.github.com/jasmine/}},
  note = {Zuletzt aufgerufen am 10. Jänner 2011},
	author = {Jasmine},
	year = {2011},
	howpublished = {\url{http://pivotal.github.com/jasmine/}}
},

@misc{wikipedia_behavior_2011,
	title = {{Behavior Driven Development}},
	url = {\url{http://en.wikipedia.org/wiki/Behavior_Driven_Development}},
  note = {Zuletzt aufgerufen am 10. Jänner 2011},
	author = {Wikipedia},
	year = {2011},
	howpublished = {\url{{http://en.wikipedia.org/wiki/Behavior\_Driven\_Development}}}
},

@misc{north_introducing_????,
	title = {Introducing {BDD}},
	url = {\url{http://dannorth.net/introducing-bdd/}},
  note = {Zuletzt aufgerufen am 10. Jänner 2011},
	author = {Dan North},
	howpublished = {\url{http://dannorth.net/introducing-bdd/}}
},

@misc{sobo_screw.unit_2011,
	title = {{Screw.Unit}},
	url = {\url{https://github.com/nathansobo/screw-unit}},
  note = {Zuletzt aufgerufen am 10. Jänner 2011},
	author = {Nathan Sobo},
	year = {2011},
	howpublished = {\url{https://github.com/nathansobo/screw-unit}}
},

@misc{jspec_jspec_2011,
	title = {{JSpec} - {JavaScript} Testing Framework},
	url = {\url{http://visionmedia.github.com/jspec/}},
  note = {Zuletzt aufgerufen am 10. Jänner 2011},
	author = {{JSpec}},
	year = {2011},
	howpublished = {\url{http://visionmedia.github.com/jspec/}}
},

@misc{meszaros_test_2011,
	title = {Test Spy},
	url = {\url{http://xunitpatterns.com/Test%20Spy.html}},
  note = {Zuletzt aufgerufen am 10. Jänner 2011},
	author = {Gerard Meszaros},
	year = {2011},
	howpublished = {\url{{http://xunitpatterns.com/Test\%20Spy.html}}}
},

@misc{yahoo_inc._yui_2011-1,
	title = {{YUI} {Library}},
	url = {\url{http://developer.yahoo.com/yui/}},
  note = {Zuletzt aufgerufen am 10. Jänner 2011},
	author = {Yahoo Inc.},
	year = {2011},
	howpublished = {\url{http://developer.yahoo.com/yui/}}
},

@misc{prototype_js_prototype_2011,
	title = {Prototype {JavaScript} {Framework}},
	url = {\url{http://www.prototypejs.org/}},
  note = {Zuletzt aufgerufen am 10. Jänner 2011},
	author = {Prototype {JS}},
	year = {2011},
	howpublished = {\url{http://www.prototypejs.org/}}
},

@misc{mootools_mootools_2011,
	title = {{MooTools} - {A Compact JavaScript Framework}},
	url = {\url{http://mootools.net/}},
  note = {Zuletzt aufgerufen am 10. Jänner 2011},
	author = {{MooTools}},
	year = {2011},
	howpublished = {\url{http://mootools.net/}}
},

@misc{fuchs_unittest.js_2011,
	title = {unittest.js},
	url = {\url{http://madrobby.github.com/scriptaculous/unit-testing/}},
  note = {Zuletzt aufgerufen am 10. Jänner 2011},
	author = {Thomas Fuchs},
	year = {2011},
	howpublished = {\url{http://madrobby.github.com/scriptaculous/unit-testing/}}
},

@misc{node.js_node.js_2011,
	title = {Node.js - {Assertion Testing}},
	url = {\url{http://nodejs.org/docs/v0.3.4/api/assert.html}},
  note = {Zuletzt aufgerufen am 10. Jänner 2011},
	author = {Node.js},
	year = {2011},
	howpublished = {\url{http://nodejs.org/docs/v0.3.4/api/assert.html}}
},

@misc{plee_qunit_2010,
	title = {{QUnit} \& {Rhino}},
	url = {\url{http://twoguysarguing.wordpress.com/2010/11/02/make-javascript-tests-part-of-your-build-qunit-rhino/}},
  note = {Zuletzt aufgerufen am 10. Jänner 2011},
	author = {Benjamin Plee},
	year = {2010},
	howpublished = {\url{http://twoguysarguing.wordpress.com/2010/11/02/make-javascript-tests-part-of-your-build-qunit-rhino/}}
},

@misc{resig_envjs_2011,
	title = {Envjs},
	url = {\url{http://www.envjs.com/}},
  note = {Zuletzt aufgerufen am 10. Jänner 2011},
	author = {John Resig},
	year = {2011},
	howpublished = {\url{http://www.envjs.com/}}
},

@misc{hevery_jasmine-node_2011,
	title = {jasmine-node},
	url = {\url{https://github.com/mhevery/jasmine-node}},
  note = {Zuletzt aufgerufen am 10. Jänner 2011},
	author = {Miško Hevery},
	year = {2011},
	howpublished = {\url{https://github.com/mhevery/jasmine-node}}
},

@misc{meszaros_test_2011-1,
	title = {Test {Double}},
	url = {\url{http://xunitpatterns.com/Test%20Double.html}},
  note = {Zuletzt aufgerufen am 10. Jänner 2011},
	author = {Gerard Meszaros},
	year = {2011},
	howpublished = {\url{{http://xunitpatterns.com/Test\%20Double.html}}}
},

@misc{jasmine_jasmine_2011-1,
	title = {Jasmine - {Spies}},
	url = {\url{http://pivotal.github.com/jasmine/spies.html}},
  note = {Zuletzt aufgerufen am 10. Jänner 2011},
	author = {Jasmine},
	year = {2011},
	howpublished = {\url{http://pivotal.github.com/jasmine/spies.html}}
}
